<?xml version="1.0" encoding="UTF-8"?><collection xmlns="http://www.loc.gov/MARC21/slim"><record><leader>00322nam--2200121-i-4500</leader><controlfield tag="001">000042476</controlfield><controlfield tag="002">20161230</controlfield><controlfield tag="005">20161230201043</controlfield><controlfield tag="008">060222s1000------------r-----000-0-eng-d</controlfield><datafield ind1=" " ind2=" " tag="100"><subfield code="a">Spicer,G.S</subfield></datafield><datafield ind1=" " ind2=" " tag="245"><subfield code="a">The determination of radiostrontium in liquid milk</subfield></datafield><datafield ind1=" " ind2=" " tag="260"><subfield code="a">Harwell, Atomic Energy Establ.,1961. 9 P</subfield></datafield><datafield ind1=" " ind2=" " tag="852"><subfield code="a">16244</subfield></datafield></record></collection>